@article{Fritsch1870,
abstract = {Reprinted as \textit{On the electrical excitability of the cerebrum}. Trans. G. von Bonin, pp. 73--96, 1960},
author = {Fritsch, G. and Hitzig, E.},
journal = {Archiv fur Anatomie, Physiologie und Wissenschaftliche},
pages = {300--332},
title = {{{\"{U}}ber die elektrische Erregbarkeit des Grosshirns}},
volume = {37},
year = {1870}
}
